<?xml version="1.0" encoding="UTF-8"?><collection xmlns="http://www.loc.gov/MARC21/slim"><record><leader>00364nam--2200145-i-4500</leader><controlfield tag="001">000003283</controlfield><controlfield tag="002">20161230</controlfield><controlfield tag="005">20170113234309</controlfield><controlfield tag="008">060222s1000------------r-----000-0-eng-d</controlfield><datafield ind1=" " ind2=" " tag="245"><subfield code="a">Fundations of nuclear physics.....</subfield></datafield><datafield ind1=" " ind2=" " tag="260"><subfield code="a">New York</subfield><subfield code="b">Dover Publ</subfield><subfield code="c">1949</subfield></datafield><datafield ind1=" " ind2=" " tag="300"><subfield code="a">/VII / + 272 p</subfield></datafield><datafield ind1=" " ind2=" " tag="700"><subfield code="a">Beyer, Robert T</subfield></datafield><datafield ind1=" " ind2=" " tag="852"><subfield code="a">497</subfield></datafield><datafield ind1=" " ind2=" " tag="CAT"><subfield code="a">SYS</subfield><subfield code="c">20170113</subfield><subfield code="h">234309</subfield></datafield></record></collection>